@article{1PrecisionRecallCover,
  title={Precision Recall Cover: A Method for Assessing Generative Models},
  author={Fasil Cheema and Ruth Urner},
  booktitle={Proceedings of The 26th International Conference on Artificial Intelligence and Statistics},
  volume={206},
  number={6571-6594},
  pages={24},
  year={2023},
  publisher={PMLR (Proceedings of Machine Learning Research)}
}

@article{2ImprovedPrecisionRecall,
  title = {Improved Precision and Recall Metric for Assessing Generative Models},
  author = {Tuomas Kynkäänniemi, Tero Karras, Samuli Laine, Jaakko Lehtinen and Timo Aila},
  version = {3},
  pages = {10},
  year = {2019},
  publisher = {arXiv:1904.06991}
}

@article{3ReliableFidelityDiversityMetrics,
  title = {Reliable Fidelity and Diversity Metrics for Generative Models},
  author = {Muhammad Ferjad Naeem, Seong Joon Oh, Youngjung Uh, Yunjey Choi and Jaejun Yoo},
  version = {2},
  pages = {10},
  year = {2019},
  publisher = {arXiv:2002.09797}
}

@article{4ProbabilisticPrecisionRecall,
  title = {Probabilistic Precision and Recall \ 
          Towards Reliable Evaluation of Generative Models},
  author = {Dogyun Park and Suhyun Kim},
  version = {1},
  pages = {11},
  year = {2023},
  publisher = {arXiv:2309.01590}
}

@article{5RevisitingPrecisionRecall,
  title = {Revisiting Precision and Recall Definition for Generative Model Evaluation},
  author = {Loïc Simon, Ryan Webster and Julien Rabin}
  version = {1},
  pages = {10},
  year = {2019},
  publisher = {arXiv:1905.05441}
}

@article{6UnifyingPrecisionRecall,
  title = {Unifying and extending Precision Recall metrics for assessing generative models},
  author = {Benjamin Sykes, Loic Simon and Julien Rabin},
  version = {1},
  pages = {12},
  year = {2024},
  publisher = {arXiv:2405.01611}
}

@article{7AssessingWithPrecisionRecall,
  title = {Assessing Generative Models via Precision and Recall},
  author = {Mehdi S. M. Sajjadi, Olivier Bachem, Mario Lucic, Olivier Bousquet and Sylvain Gelly},
  version = {2},
  pages = {10},
  year = {2018},
  publisher = {arXiv:1806.00035}
}

@article{8OnTheEvaluationOfGenerativeModelsInMusic,
  title = {On the evaluation of generative models in music},
  author = {Li-Chia Yang1 and Alexander Lerch},
  booktitle = {Neural Computing & Applications},
  volume = {32},
  pages = {12 (4773–4784)},
  year = {2020},
  publisher = {Springer}
}